@misc{sammdatasheet,
    title        = "SAM-M10Q Data Sheet",
    author       = "u-blox",
    year         = "2022",
    url          = "https://au.mouser.com/datasheet/2/1025/SAM_M10Q_DataSheet_UBX_22013293-3180697.pdf",
}
@misc{bosch2023,
    title        = "BMI270 Data Sheet",
    author       = "Bosch Sensortec",
    year         = "2023",
    url          = "https://www.bosch-sensortec.com/media/boschsensortec/downloads/datasheets/bst-bmi270-ds000.pdf",
}
@misc{espressif2021,
    title        = "ESP32-S3-MINI-1 / ESP32-S3-MINI-1U Datasheet",
    author       = "Espressif Systems",
    year         = "2021",
    url          = "https://www.espressif.com/sites/default/files/documentation/esp32-s3-mini-1_mini-1u_datasheet_en.pdf",
}
@misc{rp2040datasheet,
    title        = "RP2040 Datasheet",
    author       = "Raspberry Pi Foundation",
    year         = "2021",
    url          = "https://datasheets.raspberrypi.com/rp2040/rp2040-datasheet.pdf",
}

@misc{qmc5883,
    title        = "QMC5883L Datasheet",
    author       = "QST Corporation",
    year         = "2013",
    url          = "http://wiki.sunfounder.cc/images/7/72/QMC5883L-Datasheet-1.0.pdf ",
}

@misc{esp32s3mini,
  author       = {Espressif Systems},
  title        = {ESP32-S3 Mini-1 and Mini-1U Datasheet},
  year         = {2022},
  url          = {https://www.espressif.com/sites/default/files/documentation/esp32-s3-mini-1_mini-1u_datasheet_en.pdf},
  note         = {Accessed: 2023-10-01}
}
